@article{VCZO,
author = {Sergey Fomel},
title = {Time‐migration velocity analysis by velocity continuation},
journal = {GEOPHYSICS},
volume = {68},
number = {5},
pages = {1662-1672},
year = {2003},
doi = {10.1190/1.1620640},

URL = { 
        https://doi.org/10.1190/1.1620640
    
},
eprint = { 
        https://doi.org/10.1190/1.1620640
    
}

}

@article{PWD,
author = {Sergey Fomel},
title = {Applications of plane‐wave destruction filters},
journal = {GEOPHYSICS},
volume = {67},
number = {6},
pages = {1946-1960},
year = {2002},
doi = {10.1190/1.1527095},

URL = { 
        https://doi.org/10.1190/1.1527095
    
},
eprint = { 
        https://doi.org/10.1190/1.1527095
    
}

}

@article{Moore,
author = {Moore, Gregory and H. Shipley, T and Stoffa, P and Karig, Daniel and Taira, Asahiko and Kuramoto, Shin'ichi and Tokuyama, Hidekazu and Suyehiro, Kiyoshi},
year = {1990},
month = {06},
pages = {8753-8766},
title = {Structure of the Nankai Trough Accretionary Zone from multichannel seismic reflection data},
volume = {95},
booktitle = {Journal of Geophysical Research}
}

@Article{fletcher,
  author = 	 {R[] Fletcher and C[] M[] Reeves},
  title = 	 {Function minimization by conjugate gradients},
  journal = 	 {Computer Journal},
  year = 	 1964,
  volume =	 7,
  pages =	 {149-154}
}

@Article{hestenes,
  author = 	 {M[] R[] Hestenes and E[] Stiefel},
  title = 	 {Methods of conjugate gradients for solving linear systems},
  journal = 	 {J. Res. NBS},
  year = 	 1952,
  volume =	 49,
  pages =	 {409-436}
}

@article{lowrank,
  title={Seismic wave extrapolation using lowrank symbol approximation},
  author={Fomel, Sergey and Ying, Lexing and Song, Xiaolei},
  journal={Geophysical Prospecting},
  volume={61},
  number={3},
  pages={526--536},
  year={2013},
  publisher={Wiley Online Library},
  note = {\url{http://ahay.org/RSF/book/tccs/lowrank/paper_html/}}
}

@article{splitstep,
author = {P. L. Stoffa and J. T. Fokkema and R. M. de Luna Freire and W. P. Kessinger},
title = {Split‐step Fourier migration},
journal = {GEOPHYSICS},
volume = {55},
number = {4},
pages = {410-421},
year = {1990},
doi = {10.1190/1.1442850},

URL = { 
        https://doi.org/10.1190/1.1442850
    
},
eprint = { 
        https://doi.org/10.1190/1.1442850
    
}

}

@article{geo,
author = {Mochiduki, Kimihiko and Obana, Koichiro},
year = {2003},
pages = {},
title = {Seismic Activities along the Nankai Trough}
}

@book{SU,
author = {Forel, D. and Benz, T. and Pennington, W.},
title = {Seismic Data Processing with Seismic Un ∗x},
publisher = {Society of Exploration Geophysicists},
year = {2005},
doi = {10.1190/1.9781560801948},
address = {},
edition   = {},
URL = {https://library.seg.org/doi/abs/10.1190/1.9781560801948},
eprint = {https://library.seg.org/doi/pdf/10.1190/1.9781560801948}
}
